@misc{Hancock2018,
  author = {Matt Hancock},
  title = {PyLIDC},
  year = {2018},
  publisher = {GitHub},
  journal = {GitHub repository},
  howpublished = {\url{https://github.com/notmatthancock/pylidc}},
  commit = {4ca554bc824898a29c59e332938c52b64c16974d}
}
